<collection xmlns="http://www.loc.gov/MARC21/slim">
<record>
  <leader>01021nam0a2200217 i 450 </leader>
  <controlfield tag="001">IT\ICCU\CNCE\053098</controlfield>
  <controlfield tag="005">20100416000000.0</controlfield>
  <datafield tag="012" ind1=" " ind2=" ">
    <subfield code="a">n-la i-e- lia- tipe (3) 1576 (A)</subfield>
    <subfield code="2">fei</subfield>
  </datafield>
  <datafield tag="100" ind1=" " ind2=" ">
    <subfield code="a">20020905d1576        0itac0103    ba</subfield>
  </datafield>
  <datafield tag="101" ind1=" " ind2=" ">
    <subfield code="a">ITA</subfield>
  </datafield>
  <datafield tag="102" ind1=" " ind2=" ">
    <subfield code="a">IT</subfield>
  </datafield>
  <datafield tag="200" ind1="1" ind2=" ">
    <subfield code="a">Indulgentie gratie, et stationi di tutta Roma, concesse alle Confraternit ̉\!! del pretiosissimo corpo del nostro Signor Giesu Christo</subfield>
  </datafield>
  <datafield tag="210" ind1=" " ind2=" ">
    <subfield code="a">In Vinegia</subfield>
    <subfield code="c">su&apos;l ponte di Rialto all&apos;insegna dell&apos;Hercole</subfield>
    <subfield code="d">1576</subfield>
    <subfield code="e">In Vinegia</subfield>
    <subfield code="g">su&apos;l ponte di Rialto all&apos;insegna dell&apos;Hercole</subfield>
    <subfield code="h">1576</subfield>
  </datafield>
  <datafield tag="215" ind1=" " ind2=" ">
    <subfield code="a">23, \1! c.</subfield>
    <subfield code="d">12ʻ</subfield>
  </datafield>
  <datafield tag="620" ind1=" " ind2=" ">
    <subfield code="a">IT</subfield>
    <subfield code="d">Venezia</subfield>
  </datafield>
  <datafield tag="710" ind1="0" ind2="2">
    <subfield code="a">Confraternita del SS. Sacramento</subfield>
    <subfield code="3">IT\ICCU\CNCT\004025</subfield>
  </datafield>
  <datafield tag="712" ind1="0" ind2="2">
    <subfield code="a">℗Al segno dell&apos;℗Ercole</subfield>
    <subfield code="3">IT\ICCU\CNCT\001687</subfield>
    <subfield code="4">650</subfield>
  </datafield>
  <datafield tag="791" ind1="0" ind2="2">
    <subfield code="a">℗All&apos;insegna dell&apos;℗Hercole</subfield>
    <subfield code="3">IT\ICCU\CNCT\003576</subfield>
    <subfield code="z">℗Al segno dell&apos;℗Ercole</subfield>
  </datafield>
  <datafield tag="791" ind1="0" ind2="2">
    <subfield code="a">℗All&apos;insegna dell&apos;℗Hercole</subfield>
    <subfield code="3">IT\ICCU\CNCT\004719</subfield>
    <subfield code="z">℗Al segno dell&apos;℗Ercole</subfield>
  </datafield>
  <datafield tag="801" ind1=" " ind2="3">
    <subfield code="a">IT</subfield>
    <subfield code="b">ICCU</subfield>
    <subfield code="c">20201115</subfield>
  </datafield>
  <datafield tag="899" ind1=" " ind2=" ">
    <subfield code="a">Biblioteca universitaria Alessandrina. Roma</subfield>
    <subfield code="1">RM0280</subfield>
    <subfield code="2">RML 01</subfield>
  </datafield>
</record>
</collection>
